2330 3496
414 309 906 433 GIIUEGORIO
938 385 954 402 ·
998 356 1166 430 *X—-VI
1207 385 1222 401 ·
1255 367 1745 432 PONTIFICI
1778 385 1793 400 ·
1826 369 2045 431 MAX
2078 386 2093 401 ·

758 492 992 528 PRINCIPI
1025 507 1033 515 ·
1070 491 1277 528 OPTIMO
1315 506 1322 512 ·
1358 490 1728 528 BEN1GN1SSIMO

502 579 804 614 HOSPITALEM
832 594 839 600 ·
870 580 1128 615 AMENTIVM
1157 595 1164 601 ·
1195 578 1491 622 AEGRORVMQ
1520 593 1527 600 ·
1558 579 1730 614 DOMVM
1761 593 1768 600 ·
1799 579 2007 614 ADEVNTI

939 668 1027 702 PRO
1048 683 1056 690 ·
1079 666 1354 704 IMMORTALI
1376 680 1384 688 ·
1406 667 1455 702 IN
1485 681 1492 689 ·
1522 668 1573 702 SE

410 753 471 788 ET
501 770 508 777 ·
539 755 587 789 IN
617 771 623 777 ·
655 757 819 792 TOTVM
849 771 855 777 ·
888 757 1128 793 SODALIVM
1156 772 1163 778 ·
1195 756 1489 792 IOANNIANOR
1516 769 1524 777 ·
1555 755 1772 792 ORDINEM
1805 771 1813 778 ·
1844 755 2090 792 BENEFICIO

718 851 1107 894 BENEDICTVS
1139 866 1154 880 ·
1186 851 1394 894 MARIA
1426 865 1441 880 ·
1473 852 1790 894 VERNOIVS

876 940 1075 974 GRATIAS
1103 954 1110 961 ·
1141 941 1254 977 AGlT
1284 954 1290 961 ·
1320 940 1630 976 AMPLISSIMAS

1218 1051 1265 1067 »qa

417 1196 740 1310 Praebuit
781 1255 1133 1332 Omnipotens
1176 1258 1350 1314 faciles
1392 1256 1665 1332 optatibus
1709 1276 1878 1311 aures:

575 1335 827 1409 Implevit
869 1337 992 1392 felix
1034 1352 1154 1393 vota
1199 1358 1481 1413 precesque
1523 1335 1647 1392 dies.

413 1451 578 1506 Nemo
620 1466 698 1506 est
741 1456 797 1507 in
840 1468 956 1509 toto
997 1477 1082 1510 me
1122 1454 1448 1510 fortunatior
1492 1452 1643 1509 orbe:

574 1532 909 1590 Praesentem
950 1536 1085 1591 vidit
1127 1535 1231 1609 Te,
1273 1531 1501 1591 PATER
1543 1533 1733 1592 ALME
1750 1578 1767 1608 ‚
1809 1532 2034 1590 domus!

412 1651 631 1727 Largius
674 1654 770 1705 ista
812 1652 1022 1708 dabunt
1063 1657 1288 1730 aegrotis
1330 1668 1464 1710 tecta
1507 1654 1766 1727 salutem,

575 1729 905 1788 PRINCIPIS
945 1748 1172 1812 augusto
1211 1734 1349 1790 facta
1388 1734 1545 1790 beata
1588 1733 1756 1809 pede!

414 1846 602 1902 Nobile
645 1849 923 1904 testabunt
963 1849 1299 1908 benefactum
1344 1872 1636 1925 marmora,
1680 1865 1735 1905 at
1777 1849 1925 1906 IPSE

571 1928 751 1982 Altius
794 1932 851 1984 in
893 1935 1116 1986 memori
1160 1946 1373 2007 pectore
1414 1931 1623 2007 sculpet
1662 1951 1823 1986 amor.

414 2044 481 2097 Et
522 2043 645 2097 Tibi
689 2046 1132 2121 quandoquidem
1175 2061 1328 2105 tanto
1368 2070 1469 2124 pro
1509 2068 1730 2105 munere
1769 2063 1939 2124 grates

571 2120 688 2179 Non
733 2129 851 2200 opis
894 2139 971 2180 est
1013 2141 1220 2183 nostrae
1260 2129 1455 2185 solvere
1499 2131 1847 2204 promeritaS,

414 2241 672 2295 Aetherea
715 2238 935 2318 Magnus
977 2258 1285 2319 compenset
1326 2244 1396 2299 ab
1438 2265 1555 2301 arce
1596 2243 1918 2319 IOANNES,

571 2320 718 2387 Quae
759 2322 933 2377 soboli
978 2322 1122 2380 dives
1168 2329 1393 2404 porrigis
1435 2347 1602 2400 usque
1644 2346 1790 2382 suae.

413 2439 564 2494 ILLE
605 2439 730 2494 Tibi
773 2461 957 2516 pacem
1000 2442 1272 2516 obtineat,
1315 2445 1649 2521 viridemque
1689 2458 1985 2519 senectam,

573 2520 832 2595 Factaque
874 2525 1102 2578 maturis
1144 2542 1375 2580 consona
1420 2525 1664 2581 consiliis.

412 2635 523 2689 Hoc
568 2656 780 2710 precor,
825 2640 924 2693 hoc
967 2654 1126 2715 opto,
1172 2643 1260 2714 pia
1306 2641 1470 2717 figens
1513 2642 1690 2698 oscula
1718 2642 1948 2718 planti55

570 2717 682 2771 Hoc
725 2722 850 2772 sisto
892 2719 959 2773 ad
1001 2718 1198 2774 solium
1241 2721 1398 2777 corde
1440 2724 1724 2798 animoque
1767 2721 1963 2778 Tuum.

1064 2881 1457 2907 ψ
